@online{otel-site,
  author  = {{The OpenTelemetry Authors}},
  title   = {{OpenTelemetry}},
  year    = {2023},
  url     = {https://opentelemetry.io/},
  urldate = {2023-06-20}
}

@online{otel-dist-trace,
  author  = {{The OpenTelemetry Authors}},
  title   = {{Obervability Primer, OpenTelemetry}},
  year    = {2023},
  url     = {https://opentelemetry.io/docs/concepts/observability-primer/},
  urldate = {2023-06-20}
}

@online{otel-signals,
  author  = {{The OpenTelemetry Authors}},
  title   = {{Signals, OpenTelemetry}},
  year    = {2023},
  url     = {https://opentelemetry.io/docs/concepts/signals/},
  urldate = {2023-06-20}
}

@online{otel-traces,
  author  = {{The OpenTelemetry Authors}},
  title   = {{Traces, OpenTelemetry}},
  year    = {2023},
  url     = {https://opentelemetry.io/docs/concepts/signals/traces/},
  urldate = {2023-06-20}
}

@online{otel-metrics,
  author  = {{The OpenTelemetry Authors}},
  title   = {{Metrics, OpenTelemetry}},
  year    = {2023},
  url     = {https://opentelemetry.io/docs/concepts/signals/metrics/},
  urldate = {2023-06-20}
}

@online{otel-logs,
  author  = {{The OpenTelemetry Authors}},
  title   = {{Logs, OpenTelemetry}},
  year    = {2023},
  url     = {https://opentelemetry.io/docs/concepts/signals/logs/},
  urldate = {2023-06-20}
}

@online{otel-baggage,
  author  = {{The OpenTelemetry Authors}},
  title   = {{Baggage, OpenTelemetry}},
  year    = {2023},
  url     = {https://opentelemetry.io/docs/concepts/signals/baggage/},
  urldate = {2023-06-20}
}

@book{practical-otel,
  author    = {Gomez Blanco, Daniel},
  title     = {Practical OpenTelemetry: Adopting Open Observability Standards Across Your Organization},
  year      = {2023},
  publisher = {Apress},
  address   = {Berkeley, CA}
}

@online{otel-context,
  author  = {{The OpenTelemetry Authors}},
  title   = {{Context, OpenTelemetry}},
  year    = {2023},
  url     = {https://opentelemetry.io/docs/specs/otel/context/},
  urldate = {2023-06-21}
}

@online{otel-defs,
  author  = {{The OpenTelemetry Authors}},
  title   = {{Glossary, OpenTelemetry}},
  year    = {2023},
  url     = {https://opentelemetry.io/docs/specs/otel/glossary/},
  urldate = {2023-06-21}
}